
%%%%%%%%%%%%%%%%%%%%%%%%%%%
%%% --- References --- %%% 
%%%%%%%%%%%%%%%%%%%%%%%%%

% --- reference 1 --- % 
@article{cohen2017,
  title={Estimates and 25-year trends of the global burden of disease attributable to ambient air pollution: an analysis of data from the Global Burden of Diseases Study 2015},
  author={Cohen, Aaron J and Brauer, Michael and Burnett, Richard and Anderson, H Ross and Frostad, Joseph and Estep, Kara and Balakrishnan, Kalpana and Brunekreef, Bert and Dandona, Lalit and Dandona, Rakhi and others},
  journal={The lancet},
  volume={389},
  number={10082},
  pages={1907--1918},
  year={2017},
  publisher={Elsevier}
}

%  --- reference 2 --- % 
@misc{he2020state,
  author = {{Health Effects Institute}},
  title = {State of Global Air 2020},
  year = {2020},
  howpublished = {Special Report},
  address = {Boston, MA},
  publisher = {Health Effects Institute}
}
% --- reference 3 --- % 
@article{boogaard2022,
  title={Long-term exposure to traffic-related air pollution and selected health outcomes: A systematic review and meta-analysis},
  author={Boogaard, H and Patton, AP and Atkinson, RW and Brook, JR and Chang, HH and Crouse, DL and Fussell, JC and Hoek, G and Hoffmann, B and Kappeler, R and others},
  journal={Environment international},
  volume={164},
  pages={107262},
  year={2022},
  publisher={Elsevier}
}

% --- reference 4 --- % 
@article{haddad2023,
  title={Long-term exposure to traffic-related air pollution and stroke: A systematic review and meta-analysis},
  author={Haddad, Pascale and Joss, M Kutlar and Weuve, Jennifer and Vienneau, Danielle and Atkinson, R and Brook, J and Chang, H and Forastiere, Francesco and Hoek, Gerard and Kappeler, Ron and others},
  journal={International Journal of Hygiene and Environmental Health},
  volume={247},
  pages={114079},
  year={2023},
  publisher={Elsevier}
}

% --- reference 5 --- %
@article{guxens2022hei,
  title={Associations of Air Pollution on the Brain in Children: A Brain Imaging Study},
  author={Guxens, M{\`o}nica and Lubczy{\'n}ska, Ma{\l}gorzata J and P{\'e}rez-Crespo, Laura and Muetzel, Ryan L and El Marroun, Hanan and Basaga{\~n}a, Xavier and Hoek, Gerard and Tiemeier, Henning},
  journal={Research Reports: Health Effects Institute},
  volume={2022},
  year={2022},
  publisher={Health Effects Institute}
}

% --- reference 6 --- % 
@article{nieuwenhuijsen2016,
  title={Urban and transport planning, environmental exposures and health-new concepts, methods and tools to improve health in cities},
  author={Nieuwenhuijsen, Mark J},
  journal={Environmental health},
  volume={15},
  pages={161--171},
  year={2016},
  publisher={Springer}
}

% --- reference 7 --- % 
@article{tonne2017,
  title={New frontiers for environmental epidemiology in a changing world},
  author={Tonne, Cathryn and Basaga{\~n}a, Xavier and Chaix, Basile and Huynen, Maud and Hystad, Perry and Nawrot, Tim S and Slama, Remy and Vermeulen, Roel and Weuve, Jennifer and Nieuwenhuijsen, Mark},
  journal={Environment international},
  volume={104},
  pages={155--162},
  year={2017},
  publisher={Elsevier}
}

% --- reference 8 --- % 
@article{boogaard2022,
title = {Long-term exposure to traffic-related air pollution and selected health outcomes: A systematic review and meta-analysis},
journal = {Environment International},
volume = {164},
pages = {107262},
year = {2022},
issn = {0160-4120},
doi = {https://doi.org/10.1016/j.envint.2022.107262},
url = {https://www.sciencedirect.com/science/article/pii/S016041202200188X},
author = {H. Boogaard and A.P. Patton and R.W. Atkinson and J.R. Brook and H.H. Chang and D.L. Crouse and J.C. Fussell and G. Hoek and B. Hoffmann and R. Kappeler and M. {Kutlar Joss} and M. Ondras and S.K. Sagiv and E. Samoli and R. Shaikh and A. Smargiassi and A.A. Szpiro and E.D.S. {Van Vliet} and D. Vienneau and J. Weuve and F.W. Lurmann and F. Forastiere},
keywords = {Traffic-related air pollution, Birth outcomes, Respiratory outcomes, Cardiometabolic outcomes, Mortality, Systematic review}
}

% --- reference 9 --- % 
@article{chen2019,
  title = {A comparison of linear regression, regularization, and machine learning algorithms to develop Europe-wide spatial models of fine particles and nitrogen dioxide},
  author = {Chen, J. and de Hoogh, K. and Gulliver, J. and Hoffmann, B. and Hertel, O. and Ketzel, M. and others},
  journal = {Environment international},
  volume = {130},
  pages = {104934},
  year = {2019},
  publisher = {Elsevier}
}

% --- reference 10 --- % 
@article{chen2020,
author = {Chen, J. and de Hoogh, Kees and Gulliver, John and Hoffmann, Barbara and Hertel, Ole and Ketzel, Matthias and Weinmayr, Gudrun and Bauwelinck, Mariska and van Donkelaar, Aaron and Hvidtfeldt, Ulla A. and Atkinson, Richard and Janssen, Nicole A. H. and Martin, Randall V. and Samoli, Evangelia and Andersen, Zorana J. and Oftedal, Bente M. and Stafoggia, Massimo and Bellander, Tom and Strak, Maciej and Wolf, Kathrin and Vienneau, Danielle and Brunekreef, Bert and Hoek, Gerard},
title = {Development of Europe-Wide Models for Particle Elemental Composition Using Supervised Linear Regression and Random Forest},
journal = {Environmental Science \& Technology},
volume = {54},
number = {24},
pages = {15698-15709},
year = {2020},
doi = {10.1021/acs.est.0c06595},
    note ={PMID: 33237771},
URL = { 
        https://doi.org/10.1021/acs.est.0c06595
}
}


% --- reference 11 --- %
@article{schneider2020,
AUTHOR = {Schneider, Rochelle and Vicedo-Cabrera, Ana M. and Sera, Francesco and Masselot, Pierre and Stafoggia, Massimo and de Hoogh, Kees and Kloog, Itai and Reis, Stefan and Vieno, Massimo and Gasparrini, Antonio},
TITLE = {A Satellite-Based Spatio-Temporal Machine Learning Model to Reconstruct Daily PM2.5 Concentrations across Great Britain},
JOURNAL = {Remote Sensing},
VOLUME = {12},
YEAR = {2020},
NUMBER = {22},
ARTICLE-NUMBER = {3803},
URL = {https://www.mdpi.com/2072-4292/12/22/3803},
ISSN = {2072-4292},
DOI = {10.3390/rs12223803}
}





% --- reference x --- %
@article{hoek2017,
  title = {Methods for Assessing Long-Term Exposures to Outdoor Air Pollutants},
  author = {Hoek, G.},
  journal = {Curr Environ Health Rep},
  volume = {4},
  number = {4},
  pages = {450--462},
  year = {2017},
  month = dec,
  doi = {10.1007/s40572-017-0169-5},
  PMID = {29064065},
  PMCID = {PMC5676801}
}

% --- reference x --- % 
@article{stafoggia2019,
  title = {Estimation of daily PM10 and PM2.5 concentrations in Italy, 2013--2015, using a spatiotemporal land-use random-forest model},
  author = {Stafoggia, M. and Bellander, T. and Bucci, S. and Davoli, M. and De Hoogh, K. and De'Donato, F. and others},
  journal = {Environment international},
  volume = {124},
  pages = {170--179},
  year = {2019},
  publisher = {Elsevier}
}



% --- reference x --- % 
@Article{stafoggia2020,
AUTHOR = {Stafoggia, Massimo and Johansson, Christer and Glantz, Paul and Renzi, Matteo and Shtein, Alexandra and de Hoogh, Kees and Kloog, Itai and Davoli, Marina and Michelozzi, Paola and Bellander, Tom},
TITLE = {A Random Forest Approach to Estimate Daily Particulate Matter, Nitrogen Dioxide, and Ozone at Fine Spatial Resolution in Sweden},
JOURNAL = {Atmosphere},
VOLUME = {11},
YEAR = {2020},
NUMBER = {3},
ARTICLE-NUMBER = {239},
URL = {https://www.mdpi.com/2073-4433/11/3/239},
ISSN = {2073-4433},
DOI = {10.3390/atmos11030239}
}

% --- reference x --- % 
@article{di2019pm25,
title = {An ensemble-based model of PM2.5 concentration across the contiguous United States with high spatiotemporal resolution},
journal = {Environment International},
volume = {130},
pages = {104909},
year = {2019},
issn = {0160-4120},
doi = {https://doi.org/10.1016/j.envint.2019.104909},
url = {https://www.sciencedirect.com/science/article/pii/S0160412019300650},
author = {Qian Di and Heresh Amini and Liuhua Shi and Itai Kloog and Rachel Silvern and James Kelly and M. Benjamin Sabath and Christine Choirat and Petros Koutrakis and Alexei Lyapustin and Yujie Wang and Loretta J. Mickley and Joel Schwartz}}

% --- reference x --- % 
@article{di2019no2,
  title = {Assessing NO2 concentration and model uncertainty with high spatiotemporal resolution across the contiguous United States using ensemble model averaging},
  author = {Di, Q. and Amini, H. and Shi, L. and Kloog, I. and Silvern, R. and Kelly, J. and others},
  journal = {Environmental science \& technology},
  volume = {54},
  number = {3},
  pages = {1372--1384},
  year = {2019},
  publisher = {ACS Publications}
}


% --- reference x --- % 
@article{mila2023,
title = {Estimating daily air temperature and pollution in Catalonia: A comprehensive spatiotemporal modelling of multiple exposures},
journal = {Environmental Pollution},
volume = {337},
pages = {122501},
year = {2023},
issn = {0269-7491},
doi = {https://doi.org/10.1016/j.envpol.2023.122501},
url = {https://www.sciencedirect.com/science/article/pii/S0269749123015038},
author = {Carles Milà and Joan Ballester and Xavier Basagaña and Mark J. Nieuwenhuijsen and Cathryn Tonne},
keywords = {Air pollution, Air temperature, Remote sensing, TROPOMI, Explainable machine learning}
}

% --- reference x --- % 
@Article{sokhi2022,
AUTHOR = {Sokhi, R. S. and Moussiopoulos, N. and Baklanov, A. and Bartzis, J. and Coll, I. and Finardi, S. and Friedrich, R. and Geels, C. and Gr\"onholm, T. and Halenka, T. and Ketzel, M. and Maragkidou, A. and Matthias, V. and Moldanova, J. and Ntziachristos, L. and Sch\"afer, K. and Suppan, P. and Tsegas, G. and Carmichael, G. and Franco, V. and Hanna, S. and Jalkanen, J.-P. and Velders, G. J. M. and Kukkonen, J.},
TITLE = {Advances in air quality research -- current and emerging challenges},
JOURNAL = {Atmospheric Chemistry and Physics},
VOLUME = {22},
YEAR = {2022},
NUMBER = {7},
PAGES = {4615--4703},
URL = {https://acp.copernicus.org/articles/22/4615/2022/},
DOI = {10.5194/acp-22-4615-2022}
}

% --- reference --- % 
@article{querol2021,
title = {Lessons from the COVID-19 air pollution decrease in Spain: Now what?},
journal = {Science of The Total Environment},
volume = {779},
pages = {146380},
year = {2021},
issn = {0048-9697},
doi = {https://doi.org/10.1016/j.scitotenv.2021.146380},
url = {https://www.sciencedirect.com/science/article/pii/S0048969721014480},
author = {Xavier Querol and Jordi Massagué and Andrés Alastuey and Teresa Moreno and Gotzon Gangoiti and Enrique Mantilla and José Jaime Duéguez and Miguel Escudero and Eliseo Monfort and Carlos {Pérez García-Pando} and Hervé Petetin and Oriol Jorba and Víctor Vázquez and Jesús {de la Rosa} and Alberto Campos and Marta Muñóz and Silvia Monge and María Hervás and Rebeca Javato and María J. Cornide},
keywords = {Air quality, Tropospheric ozone, Air quality policy, Pollution abatement}
}

% --- reference --- % 
@incollection{gulliver2015,
    author = {Gulliver, John and Hoogh, Kees de},
    isbn = {9780199661756},
    title = "{Environmental exposure assessment: modelling air pollution concentrations}",
    booktitle = "{Oxford Textbook of Global Public Health}",
    publisher = {Oxford University Press},
    year = {2015},
    month = {02}
}

% --- reference --- %
@article{hoek2008,
title = {A review of land-use regression models to assess spatial variation of outdoor air pollution},
journal = {Atmospheric Environment},
volume = {42},
number = {33},
pages = {7561-7578},
year = {2008},
issn = {1352-2310},
doi = {https://doi.org/10.1016/j.atmosenv.2008.05.057},
url = {https://www.sciencedirect.com/science/article/pii/S1352231008005748},
author = {Gerard Hoek and Rob Beelen and Kees {de Hoogh} and Danielle Vienneau and John Gulliver and Paul Fischer and David Briggs},
keywords = {Land use regression, Spatial variation, NO, Particulate matter, Air pollution}
}

% --- reference --- % 
@article{korek2017,
  title = {Can dispersion modeling of air pollution be improved by land-use regression? An example from Stockholm, Sweden},
  author = {Korek, M. and Johansson, C. and Svensson, N. and Lind, T. and Beelen, R. and Hoek, G. and others},
  journal = {Journal of Exposure Science \& Environmental Epidemiology},
  volume = {27},
  number = {6},
  pages = {575--581},
  year = {2017},
  publisher = {Nature Publishing Group}
}

% --- reference x --- % 
@article{dehoogh2014,
title = {Comparing land use regression and dispersion modelling to assess residential exposure to ambient air pollution for epidemiological studies},
journal = {Environment International},
volume = {73},
pages = {382-392},
year = {2014},
issn = {0160-4120},
doi = {https://doi.org/10.1016/j.envint.2014.08.011},
url = {https://www.sciencedirect.com/science/article/pii/S0160412014002591},
author = {Kees {de Hoogh} and Michal Korek and Danielle Vienneau and Menno Keuken and Jaakko Kukkonen and Mark J. Nieuwenhuijsen and Chiara Badaloni and Rob Beelen and Andrea Bolignano and Giulia Cesaroni and Marta Cirach Pradas and Josef Cyrys and John Douros and Marloes Eeftens and Francesco Forastiere and Bertil Forsberg and Kateryna Fuks and Ulrike Gehring and Alexandros Gryparis and John Gulliver and Anna L Hansell and Barbara Hoffmann and Christer Johansson and Sander Jonkers and Leena Kangas and Klea Katsouyanni and Nino Künzli and Timo Lanki and Michael Memmesheimer and Nicolas Moussiopoulos and Lars Modig and Göran Pershagen and Nicole Probst-Hensch and Christian Schindler and Tamara Schikowski and Dorothee Sugiri and Oriol Teixidó and Ming-Yi Tsai and Tarja Yli-Tuomi and Bert Brunekreef and Gerard Hoek and Tom Bellander},
keywords = {Land use regression, Dispersion modelling, Air pollution, Exposure, Cohort}
}

% --- reference x --- % 
@article{briggs1997,
  title = {Mapping urban air pollution using GIS: a regression-based approach},
  author = {Briggs, D. J. and Collins, S. and Elliott, P. and Fischer, P. and Kingham, S. and Lebret, E. and others},
  journal = {International Journal of Geographical Information Science},
  volume = {11},
  number = {7},
  pages = {699--718},
  year = {1997},
  publisher = {Taylor \& Francis}
}

% --- reference x --- % 
@article{shen2022,
title = {Europe-wide air pollution modeling from 2000 to 2019 using geographically weighted regression},
journal = {Environment International},
volume = {168},
pages = {107485},
year = {2022},
issn = {0160-4120},
doi = {https://doi.org/10.1016/j.envint.2022.107485},
url = {https://www.sciencedirect.com/science/article/pii/S0160412022004123},
author = {Youchen Shen and Kees {de Hoogh} and Oliver Schmitz and Nicholas Clinton and Karin Tuxen-Bettman and Jørgen Brandt and Jesper H. Christensen and Lise M. Frohn and Camilla Geels and Derek Karssenberg and Roel Vermeulen and Gerard Hoek},
keywords = {Spatially varying coefficient, Spatiotemporal variation, Geographically and temporally weighted regression, Random forest, Land-use regression}
}

% --- reference --- % 
@article{dehoogh2016,
  title={Development of West-European PM2. 5 and NO2 land use regression models incorporating satellite-derived and chemical transport modelling data},
  author={de Hoogh, Kees and Gulliver, John and van Donkelaar, Aaron and Martin, Randall V and Marshall, Julian D and Bechle, Matthew J and Cesaroni, Giulia and Pradas, Marta Cirach and Dedele, Audrius and Eeftens, Marloes and others},
  journal={Environmental research},
  volume={151},
  pages={1--10},
  year={2016},
  publisher={Elsevier}
}

% --- reference --- % 
@article{tularam2021,
  title={A hybrid air pollution/land use regression model for predicting air pollution concentrations in Durban, South Africa},
  author={Tularam, Hasheel and Ramsay, Lisa F and Muttoo, Sheena and Brunekreef, Bert and Meliefste, Kees and de Hoogh, Kees and Naidoo, Rajen N},
  journal={Environmental Pollution},
  volume={274},
  pages={116513},
  year={2021},
  publisher={Elsevier}
}

% --- reference --- % 
@article{oh2021,
  title={Comparison of different hybrid modeling methods to estimate intraurban NO2 concentrations},
  author={Oh, Inbo and Hwang, Mi-Kyoung and Bang, Jin-Hee and Yang, Wonho and Kim, Soontae and Lee, Kiyoung and Seo, SungChul and Lee, Jiho and Kim, Yangho},
  journal={Atmospheric Environment},
  volume={244},
  pages={117907},
  year={2021},
  publisher={Elsevier}
}

% --- reference --- % 
@article{wick2010,
  title={Barrier capacity of human placenta for nanosized materials},
  author={Wick, Peter and Malek, Antoine and Manser, Pius and Meili, Danielle and Maeder-Althaus, Xenia and Diener, Liliane and Diener, Pierre-Andre and Zisch, Andreas and Krug, Harald F and von Mandach, Ursula},
  journal={Environmental health perspectives},
  volume={118},
  number={3},
  pages={432--436},
  year={2010},
  publisher={National Institute of Environmental Health Sciences}
}

% --- reference --- % 
@article{ghosh2021,
  title={Ambient and household PM2. 5 pollution and adverse perinatal outcomes: A meta-regression and analysis of attributable global burden for 204 countries and territories},
  author={Ghosh, Rakesh and Causey, Kate and Burkart, Katrin and Wozniak, Sara and Cohen, Aaron and Brauer, Michael},
  journal={PLoS medicine},
  volume={18},
  number={9},
  pages={e1003718},
  year={2021},
  publisher={Public Library of Science}
}

% --- reference --- % 
@article{selevan2000,
  title={Identifying critical windows of exposure for children's health.},
  author={Selevan, Sherry G and Kimmel, Carole A and Mendola, Pauline},
  journal={Environmental health perspectives},
  volume={108},
  number={suppl 3},
  pages={451--455},
  year={2000}
}

% --- reference --- % 
@article{liu2022,
  title={Data-driven machine learning in environmental pollution: gains and problems},
  author={Liu, Xian and Lu, Dawei and Zhang, Aiqian and Liu, Qian and Jiang, Guibin},
  journal={Environmental science \& technology},
  volume={56},
  number={4},
  pages={2124--2133},
  year={2022},
  publisher={ACS Publications}
}

@article{liu2022treebased,
  title={A comparison of statistical and machine-learning approaches for spatiotemporal modeling of nitrogen dioxide across Switzerland},
  author={Liu, Tze-Li and Fl{\"u}ckiger, Benjamin and de Hoogh, Kees},
  journal={Atmospheric Pollution Research},
  volume={13},
  number={12},
  pages={101611},
  year={2022},
  publisher={Elsevier}
}

% --- reference 1 --- % 
@article{casallas2018,
  title={Plan estrat{\'e}gico de movilidad sostenible 2024},
  author={Casallas-Portilla, Diego},
  year={2018},
  publisher={Ja{\'e}n: Universidad de Ja{\'e}n}
}

% --- reference 2 --- % 
@article{beelen2013,
title = {Development of NO2 and NOx land use regression models for estimating air pollution exposure in 36 study areas in Europe – The ESCAPE project},
journal = {Atmospheric Environment},
volume = {72},
pages = {10-23},
year = {2013},
issn = {1352-2310},
doi = {https://doi.org/10.1016/j.atmosenv.2013.02.037},
url = {https://www.sciencedirect.com/science/article/pii/S1352231013001386},
author = {Rob Beelen and Gerard Hoek and Danielle Vienneau and Marloes Eeftens and Konstantina Dimakopoulou and Xanthi Pedeli and Ming-Yi Tsai and Nino Künzli and Tamara Schikowski and Alessandro Marcon and Kirsten T. Eriksen and Ole Raaschou-Nielsen and Euripides Stephanou and Evridiki Patelarou and Timo Lanki and Tarja Yli-Tuomi and Christophe Declercq and Grégoire Falq and Morgane Stempfelet and Matthias Birk and Josef Cyrys and Stephanie {von Klot} and Gizella Nádor and Mihály János Varró and Audrius Dėdelė and Regina Gražulevičienė and Anna Mölter and Sarah Lindley and Christian Madsen and Giulia Cesaroni and Andrea Ranzi and Chiara Badaloni and Barbara Hoffmann and Michael Nonnemacher and Ursula Krämer and Thomas Kuhlbusch and Marta Cirach and Audrey {de Nazelle} and Mark Nieuwenhuijsen and Tom Bellander and Michal Korek and David Olsson and Magnus Strömgren and Evi Dons and Michael Jerrett and Paul Fischer and Meng Wang and Bert Brunekreef and Kees {de Hoogh}},
keywords = {ESCAPE, Air pollution, NO, NO, Land Use Regression (LUR) model},
}

% --- reference 3 --- % 
@article{eeftens2012,
  title={Development of land use regression models for PM2. 5, PM2. 5 absorbance, PM10 and PMcoarse in 20 European study areas; results of the ESCAPE project},
  author={Eeftens, Marloes and Beelen, Rob and De Hoogh, Kees and Bellander, Tom and Cesaroni, Giulia and Cirach, Marta and Declercq, Christophe and Dedele, Audrius and Dons, Evi and De Nazelle, Audrey and others},
  journal={Environmental science \& technology},
  volume={46},
  number={20},
  pages={11195--11205},
  year={2012},
  publisher={ACS Publications}
}

% --- reference x --- % 
@article{pinto2020,
  title={Traffic data in air quality modeling: a review of key variables, improvements in results, open problems and challenges in current research},
  author={Pinto, Janaina Antonino and Kumar, Prashant and Alonso, Marcelo F{\'e}lix and Andre{\~a}o, Willian Lemker and Pedruzzi, Rizzieri and dos Santos, F{\'a}bio Soares and Moreira, Davidson Martins and de Almeida Albuquerque, Taciana Toledo},
  journal={Atmospheric Pollution Research},
  volume={11},
  number={3},
  pages={454--468},
  year={2020},
  publisher={Elsevier}
}

% --- reference x --- % 
@article{cams2020,
  title={Updated Documentation Covering All Regional Operational Systems and the ENSEMBLE},
  author={{CAMS Regional}},
  journal={ECMWF Copernicus Report},
  pages={2020--09},
  year={2020}
}

% --- reference x --- %

@article{franceinstitut,
  title={Institut national de l’environnement industriel et des risques (Ineris), Aarhus University, Norwegian Meteorological Institute (MET Norway), J{\"u}lich Institut f{\"u}r Energie-und Klimaforschung (IEK), Institute of Environmental Protection--National Research Institute (IEP-NRI), Koninklijk Nederlands Meteorologisch Instituut (KNMI), Nederlandse Organisatie voor toegepast-natuurwetenschappelijk onderzoek (TNO), Swedish Meteorological and Hydrological Institute (SMHI) and Finnish Meteorological Institute (FMI). CAMS European air quality forecasts, ENSEMBLE data. 2020},
  author={{METEO FRANCE}},
  year = {2022}, 
  journal={CAMS European air quality forecasts, ENSEMBLE data. Copernicus Atmosphere Monitoring Service (CAMS) Atmosphere Data Store (ADS)}
}

% --- reference --- % 
@article{xema2013,
  title={Xarxa d’Estacions Meteorol{\`o}giques Autom{\`a}tiques},
  author={{Servei Metereol{\`o}gic de Catalunya}},
  journal={Available on line at www. meteocat. com},
  year={2021}
}

% --- reference --- %
@article{xarxa2012,
  title={Xarxa de vigil{\`a}ncia i previsi{\'o} de la contaminaci{\'o} atmosf{\`e}rica de Catalunya},
  author={{Generalitat de Catalunya}},
  journal={Departament de territori i sostenibilitat. Secretaria de Medi Ambient i Sostenibilitat},
  year={2021}
}

% --- reference --- %
@article{mchugh1997adms,
  title={ADMS--Urban: an air quality management system for traffic, domestic and industrial pollution},
  author={McHugh, CA and Carruthers, DJ and Edmunds, HA},
  journal={International Journal of Environment and Pollution},
  volume={8},
  number={3-6},
  pages={666--674},
  year={1997},
  publisher={Inderscience Publishers}
}

% --- reference --- % 
@article{stocker2012adms,
  title={ADMS-Urban: developments in modelling dispersion from the city scale to the local scale},
  author={Stocker, Jenny and Hood, Christina and Carruthers, David and McHugh, Christine},
  journal={International Journal of Environment and Pollution},
  volume={50},
  number={1-4},
  pages={308--316},
  year={2012},
  publisher={Inderscience Publishers}
}

% --- reference 3D city model--- % 
@article{stoter2016state,
  title={State-of-the-art of 3D national mapping in 2016},
  author={Stoter, Jantien and Vallet, Bruno and Lithen, Thomas and Pla, Maria and Wozniak, Piotr and Kellenberger, Tobias and Streilein, Andre and Ilves, Risto and Ledoux, Hugo},
  journal={The International Archives of the Photogrammetry, Remote Sensing and Spatial Information Sciences},
  volume={41},
  pages={653--660},
  year={2016},
  publisher={Copernicus GmbH}
}

% --- reference 3D city model --- % 
@online{3Dcity,
  author = {{Institut Cartogràfic i Geològic de Catalunya}},
  title = {3D city models},
  url = {https://www.icgc.cat/en/Public-Administration-and-Enterprises/Services/Custom-projects/3D-city-models},
  urldate = {01/09/2023},
  year = {2023}
}

% --- reference --- % 
@online{trafficbcn,
  author = {{Barcelona City Council}},
  year = {2022},
  title = {Mobility gauging of the city of Barcelona 2018-2021},
  howpublished  = {Dataset},
  url = {https://opendata-ajuntament.barcelona.cat/data/en/dataset/aforaments-detall}
}

% --- reference  Random Forest algorithm --- % 
@article{breiman2001,
  title={Random forests},
  author={Breiman, Leo},
  journal={Machine learning},
  volume={45},
  pages={5--32},
  year={2001},
  publisher={Springer}
}

% --- reference Ranger package --- %
@article{wright2019,
  title={Package ‘ranger’},
  author={Wright, Marvin N and Wager, Stefan and Probst, Philipp and Wright, Maintainer Marvin N},
  journal={Version 0.11},
  volume={2},
  year={2019}
}

% --- reference Caret package --- % 
@article{caret2008,
    title = {Building Predictive Models in R Using the caret Package},
    volume = {28},
    url =
      {https://www.jstatsoft.org/index.php/jss/article/view/v028i05},
    doi = {10.18637/jss.v028.i05},
    number = {5},
    journal = {Journal of Statistical Software},
    author = {{Kuhn} and {Max}},
    year = {2008},
    pages = {1–26},
  }

% --- R studio citation --- %
@Manual{Rstudio, title = {RStudio: Integrated Development Environment for R}, author = {{RStudio Team}}, organization = {RStudio, PBC.}, address = {Boston, MA}, year = {2020}, url = {http://www.rstudio.com/}}

% --- reference cross - validation --- %
@misc{ziegel2003,
  title={The elements of statistical learning},
  author={Ziegel, Eric R},
  year={2003},
  publisher={Taylor \& Francis}
}

% --- reference --- % 
@article{gonzalez2022,
  title={Estimating changes in air pollutant levels due to COVID-19 lockdown measures based on a business-as-usual prediction scenario using data mining models: A case-study for urban traffic sites in Spain},
  author={Gonz{\'a}lez-Pardo, Jaime and Ceballos-Santos, Sandra and Manzanas, Rodrigo and Santib{\'a}{\~n}ez, Miguel and Fern{\'a}ndez-Olmo, Ignacio},
  journal={Science of the Total Environment},
  volume={823},
  pages={153786},
  year={2022},
  publisher={Elsevier}
}

% --- ESCAPE manual citation --- %
@Manual{ESCAPE2010, title = {European Study of Cohorts for Air Pollution Effects (ESCAPE): Exposure asssessment manual}, author = {{ESCAPE}},  year = {2010}, url = {http://www.escapeproject.eu/manuals/ESCAPE_Exposure-manualv9.pdf}}

@misc{escape_manual,
  title = {ESCAPE Exposure Assessment Manual},
  howpublished = {Online},
  year = {July 2010},
  url = {http://www.escapeproject.eu/manuals/ESCAPE_Exposure-manualv9.pdf},
  note = {Accessed on January 20, 2024}
}
% --- reference --- % 
@article{mila2023,
  title={Estimating daily air temperature and pollution in Catalonia: A comprehensive spatiotemporal modelling of multiple exposures},
  author={Mil{\`a}, Carles and Ballester, Joan and Basaga{\~n}a, Xavier and Nieuwenhuijsen, Mark J and Tonne, Cathryn},
  journal={Environmental Pollution},
  volume={337},
  pages={122501},
  year={2023},
  publisher={Elsevier}
}

% --- reference --- % 
@article{dehoogh2013,
  title={Development of land use regression models for particle composition in twenty study areas in Europe},
  author={De Hoogh, Kees and Wang, Meng and Adam, Martin and Badaloni, Chiara and Beelen, Rob and Birk, Matthias and Cesaroni, Giulia and Cirach, Marta and Declercq, Christophe and Dedele, Audrius and others},
  journal={Environmental science \& technology},
  volume={47},
  number={11},
  pages={5778--5786},
  year={2013},
  publisher={ACS Publications}
}

% --- reference --- % 
@article{fung2024,
  title={Constructing transferable and interpretable machine learning models for black carbon concentrations},
  author={Fung, Pak Lun and Savadkoohi, Marjan and Zaidan, Martha Arbayani and Niemi, Jarkko V and Timonen, Hilkka and Pandolfi, Marco and Alastuey, Andr{\'e}s and Querol, Xavier and Hussein, Tareq and Pet{\"a}j{\"a}, Tuukka},
  journal={Environment International},
  pages={108449},
  year={2024},
  publisher={Elsevier}
}

% --- reference --- %
@article{criado2023,
author = {Criado, A. and Armengol, J. M. and Petetin, H. and Rodriguez-Rey, D. and Benavides, J. and Guevara, M. and P\'erez Garc\'{\i}a-Pando, C. and Soret, A. and Jorba, O.},
title = {Data fusion uncertainty-enabled methods to map street-scale hourly NO$_2$ in Barcelona: a case study with CALIOPE-Urban v1.0},
journal = {Geoscientific Model Development},
volume = {16},
year = {2023},
number = {8},
pages = {2193--2213},
url = {https://gmd.copernicus.org/articles/16/2193/2023/},
doi = {10.5194/gmd-16-2193-2023}
}

% --- reference --- % 
@article{belis2013,
  title={Critical review and meta-analysis of ambient particulate matter source apportionment using receptor models in Europe},
  author={Belis, CA and Karagulian, Federico and Larsen, Bo Richter and Hopke, PK},
  journal={Atmospheric Environment},
  volume={69},
  pages={94--108},
  year={2013},
  publisher={Elsevier}
}

% --- reference --- % 
@article{rovira2022,
  title={Non-linear models for black carbon exposure modelling using air pollution datasets},
  author={Rovira, J and Paredes-Ahumada, Juan Antonio and Barcel{\'o}-Ordinas, Jos{\'e} Mar{\'\i}a and Garc{\'\i}a-Vidal, Jorge and Reche, Cristina and Sola, Y and Fung, Pak Lun and Pet{\"a}j{\"a}, Tuukka and Hussein, Tareq and Viana, Mar},
  journal={Environmental research},
  volume={212},
  pages={113269},
  year={2022},
  publisher={Elsevier}
}

% --- reference --- %
@article{dehoogh2018,
  title={Spatial PM2. 5, NO2, O3 and BC models for Western Europe--Evaluation of spatiotemporal stability},
  author={De Hoogh, Kees and Chen, Jie and Gulliver, John and Hoffmann, Barbara and Hertel, Ole and Ketzel, Matthias and Bauwelinck, Mariska and van Donkelaar, Aaron and Hvidtfeldt, Ulla A and Katsouyanni, Klea and others},
  journal={Environment international},
  volume={120},
  pages={81--92},
  year={2018},
  publisher={Elsevier}
}

% --- reference --- %
@article{martenies2021,
  title={A spatiotemporal prediction model for black carbon in the Denver Metropolitan Area, 2009--2020},
  author={Martenies, Sheena E and Keller, Joshua P and WeMott, Sherry and Kuiper, Grace and Ross, Zev and Allshouse, William B and Adgate, John L and Starling, Anne P and Dabelea, Dana and Magzamen, Sheryl},
  journal={Environmental science \& technology},
  volume={55},
  number={5},
  pages={3112--3123},
  year={2021},
  publisher={ACS Publications}
}

% --- reference --- % 
@article{petetin2023,
  title={Potential of TROPOMI for understanding spatio-temporal variations in surface NO 2 and their dependencies upon land use over the Iberian Peninsula},
  author={Petetin, Herv{\'e} and Guevara, Marc and Compernolle, Steven and Bowdalo, Dene and Bretonni{\`e}re, Pierre-Antoine and Enciso, Santiago and Jorba, Oriol and Lopez, Franco and Soret, Albert and P{\'e}rez Garc{\'\i}a-Pando, Carlos},
  journal={Atmospheric Chemistry and Physics},
  volume={23},
  number={7},
  pages={3905--3935},
  year={2023},
  publisher={Copernicus Publications G{\"o}ttingen, Germany}
}

% --- reference --- % 
@article{wang2014,
  title={Performance of multi-city land use regression models for nitrogen dioxide and fine particles},
  author={Wang, Meng and Beelen, Rob and Bellander, Tom and Birk, Matthias and Cesaroni, Giulia and Cirach, Marta and Cyrys, Josef and de Hoogh, Kees and Declercq, Christophe and Dimakopoulou, Konstantina and others},
  journal={Environmental health perspectives},
  volume={122},
  number={8},
  pages={843--849},
  year={2014},
  publisher={NLM-Export}
}

% --- reference --- % 
@article{rivera2012,
  title={Spatial distribution of ultrafine particles in urban settings: A land use regression model},
  author={Rivera, Marcela and Basaga{\~n}a, Xavier and Aguilera, Inmaculada and Agis, David and Bouso, Laura and Foraster, Maria and Medina-Ram{\'o}n, Mercedes and Pey, Jorge and K{\"u}nzli, Nino and Hoek, Gerard},
  journal={Atmospheric environment},
  volume={54},
  pages={657--666},
  year={2012},
  publisher={Elsevier}
}

% --- reference --- % 
@article{in2021,
  title={Compositional changes of PM2. 5 in NE Spain during 2009--2018: A trend analysis of the chemical composition and source apportionment},
  author={In't Veld, Marten and Alastuey, Andres and Pandolfi, Marco and Amato, Fulvio and Perez, Noemi and Reche, Cristina and Via, Marta and Minguillon, Maria Cruz and Escudero, Miguel and Querol, Xavier},
  journal={Science of the Total Environment},
  volume={795},
  pages={148728},
  year={2021},
  publisher={Elsevier}
}

% --- reference --- % 
@article{benavides2019,
  title={CALIOPE-Urban v1. 0: coupling R-LINE with a mesoscale air quality modelling system for urban air quality forecasts over Barcelona city (Spain)},
  author={Benavides, Jaime and Snyder, Michelle and Guevara, Marc and Soret, Albert and P{\'e}rez Garc{\'\i}a-Pando, Carlos and Amato, Fulvio and Querol, Xavier and Jorba, Oriol},
  journal={Geoscientific Model Development},
  volume={12},
  number={7},
  pages={2811--2835},
  year={2019},
  publisher={Copernicus Publications G{\"o}ttingen, Germany}
}

% --- reference --- % 
@article{michanowicz2016,
  title={A hybrid land use regression/line-source dispersion model for predicting intra-urban NO2},
  author={Michanowicz, Drew R and Shmool, Jessie LC and Cambal, Leah and Tunno, Brett J and Gillooly, Sara and Hunt, Megan J Olson and Tripathy, Sheila and Shields, Kyra Naumoff and Clougherty, Jane E},
  journal={Transportation Research Part D: Transport and Environment},
  volume={43},
  pages={181--191},
  year={2016},
  publisher={Elsevier}
}

% --- reference --- % 
@article{araki2018,
  title={Spatiotemporal land use random forest model for estimating metropolitan NO2 exposure in Japan},
  author={Araki, Shin and Shima, Masayuki and Yamamoto, Kouhei},
  journal={Science of The Total Environment},
  volume={634},
  pages={1269--1277},
  year={2018},
  publisher={Elsevier}
}

% --- reference --- % 
@article{gulliver2018,
  title={Land use regression models for the oxidative potential of fine particles (PM2. 5) in five European areas},
  author={Gulliver, John and Morley, David and Dunster, Chrissi and McCrea, Adrienne and van Nunen, Erik and Tsai, Ming-Yi and Probst-Hensch, Nicoltae and Eeftens, Marloes and Imboden, Medea and Ducret-Stich, Regina and others},
  journal={Environmental research},
  volume={160},
  pages={247--255},
  year={2018},
  publisher={Elsevier}
}

% --- reference --- % 
@article{amato2024,
  title={Aerosol source apportionment uncertainty linked to the choice of input chemical components},
  author={Amato, Fulvio and van Drooge, Barend L and Jaffrezo, Jean-Luc and Favez, O and Colombi, C and Cuccia, E and Reche, C and Ippolito, F and Ridolfo, S and Lara, R and others},
  journal={Environment International},
  pages={108441},
  year={2024},
  publisher={Elsevier}
}

% --- reference --- %
@article{dehoogh2018,
  title={Modelling daily PM2. 5 concentrations at high spatio-temporal resolution across Switzerland},
  author={de Hoogh, Kees and H{\'e}ritier, Harris and Stafoggia, Massimo and K{\"u}nzli, Nino and Kloog, Itai},
  journal={Environmental Pollution},
  volume={233},
  pages={1147--1154},
  year={2018},
  publisher={Elsevier}
}

% --- reference --- %
@article{chen2024,
  title={Estimation of pan-European, daily total, fine-mode and coarse-mode Aerosol Optical Depth at 0.1° resolution to facilitate air quality assessments},
  author={Chen, Zhao-Yue and Turrubiates, Ra{\'u}l Fernando M{\'e}ndez and Petetin, Herv{\'e} and Lacima, Aleksander and Garc{\'\i}a-Pando, Carlos P{\'e}rez and Ballester, Joan},
  journal={Science of The Total Environment},
  pages={170593},
  year={2024},
  publisher={Elsevier}
}

% --- reference --- % 
@article{hoek2015,
  title={Land Use Regression Models for Ultrafine Particles and Black Carbon Based on Short-Term Monitoring Predict Past Spatial Variation},
  author={Gerard, Hoek and Meng, Wang and Kees, Meliefste and Bert, Brunekreef and others},
  year={2015}
}

% --- reference --- % 
@article{van2020,
  title={Development of a land use regression model for black carbon using mobile monitoring data and its application to pollution-avoiding routing},
  author={Van den Hove, Annelies and Verwaeren, Jan and Van den Bossche, Joris and Theunis, Jan and De Baets, Bernard},
  journal={Environmental Research},
  volume={183},
  pages={108619},
  year={2020},
  publisher={Elsevier}
}

% --- reference --- % 
@article{tripathy2019,
  title={Hybrid land use regression modeling for estimating spatio-temporal exposures to PM2. 5, BC, and metal components across a metropolitan area of complex terrain and industrial sources},
  author={Tripathy, Sheila and Tunno, Brett J and Michanowicz, Drew R and Kinnee, Ellen and Shmool, Jessie LC and Gillooly, Sara and Clougherty, Jane E},
  journal={Science of the total environment},
  volume={673},
  pages={54--63},
  year={2019},
  publisher={Elsevier}
}

% --- reference -- % 
@article{morgan2023,
  title={Prenatal exposure to ambient air pollution is associated with neurodevelopmental outcomes at 2 years of age},
  author={Morgan, Zachariah EM and Bailey, Maximilian J and Trifonova, Diana I and Naik, Noopur C and Patterson, William B and Lurmann, Frederick W and Chang, Howard H and Peterson, Bradley S and Goran, Michael I and Alderete, Tanya L},
  journal={Environmental Health},
  volume={22},
  number={1},
  pages={11},
  year={2023},
  publisher={Springer}
}

% --- reference --- %
@article{hao2023,
  title={Effects of air pollution on adverse birth outcomes and pregnancy complications in the US state of Kansas (2000--2015)},
  author={Hao, Hua and Yoo, Sodahm R and Strickland, Matthew J and Darrow, Lyndsey A and D’Souza, Rohan R and Warren, Joshua L and Moss, Shannon and Wang, Huaqing and Zhang, Haisu and Chang, Howard H},
  journal={Scientific Reports},
  volume={13},
  number={1},
  pages={21476},
  year={2023},
  publisher={Nature Publishing Group UK London}
}


% --- reference --- %
@article{wang2018,
  title={Identifying windows of susceptibility for maternal exposure to ambient air pollution and preterm birth},
  author={Wang, Qiong and Benmarhnia, Tarik and Zhang, Huanhuan and Knibbs, Luke D and Sheridan, Paige and Li, Changchang and Bao, Junzhe and Ren, Meng and Wang, Suhan and He, Yiling and others},
  journal={Environment international},
  volume={121},
  pages={317--324},
  year={2018},
  publisher={Elsevier}
}

% --- reference --- % 
@article{klompmaker2021,
  title={Comparison of associations between mortality and air pollution exposure estimated with a hybrid, a land-use regression and a dispersion model},
  author={Klompmaker, Jochem O and Janssen, Nicole and Andersen, Zorana J and Atkinson, Richard and Bauwelinck, Mariska and Chen, Jie and de Hoogh, Kees and Houthuijs, Danny and Katsouyanni, Klea and Marra, Marten and others},
  journal={Environment international},
  volume={146},
  pages={106306},
  year={2021},
  publisher={Elsevier}
}